<?xml version="1.0" encoding="UTF-8"?>
<collection xmlns:xsi="http://www.w3.org/2001/XMLSchema-instance" xsi:schemaLocation="http://www.loc.gov/MARC21/slim http://www.loc.gov/standards/marcxml/schema/MARC21slim.xsd" xmlns="http://www.loc.gov/MARC21/slim">
<record>
  <leader>01144cam a2200277I  4500</leader>
  <controlfield tag="001">4704883</controlfield>
  <controlfield tag="003">NNC</controlfield>
  <controlfield tag="005">20160623144044.0</controlfield>
  <controlfield tag="008">810506s1923    ae            000 0 ara d</controlfield>
  <datafield tag="035" ind1=" " ind2=" ">
    <subfield code="a">(OCoLC)ocm07395142</subfield>
  </datafield>
  <datafield tag="035" ind1=" " ind2=" ">
    <subfield code="9">EISI386162</subfield>
  </datafield>
  <datafield tag="035" ind1=" " ind2=" ">
    <subfield code="a">(NNC)4704883</subfield>
  </datafield>
  <datafield tag="040" ind1=" " ind2=" ">
    <subfield code="a">RETROCON/NYGG (ZYU)</subfield>
    <subfield code="c">ZYU</subfield>
  </datafield>
  <datafield tag="041" ind1="0" ind2=" ">
    <subfield code="a">arafre</subfield>
  </datafield>
  <datafield tag="098" ind1=" " ind2=" ">
    <subfield code="a">BK67</subfield>
    <subfield code="b">A169</subfield>
  </datafield>
  <datafield tag="100" ind1="1" ind2=" ">
    <subfield code="a">Jaznā'ī, Abū al-Hasan 'Alī,</subfield>
    <subfield code="d">active 14th century.</subfield>
  </datafield>
  <datafield tag="245" ind1="1" ind2="0">
    <subfield code="a">Zahrat el-âs</subfield>
    <subfield code="b">(La fleur du myrte) traitant de la fondation de la ville de Fès,</subfield>
    <subfield code="c">par Aboul-Hasan 'Ali el-Djaznâi. Texte Arabe et traduction annotée par Alfred Bel.</subfield>
  </datafield>
  <datafield tag="246" ind1="1" ind2="5">
    <subfield code="a">Kitāb Zahrat al-ās fī bināʾ madīnat Fās</subfield>
  </datafield>
  <datafield tag="246" ind1="3" ind2="0">
    <subfield code="a">Zahrat al-ās fī bināʾ madīnat Fās</subfield>
  </datafield>
  <datafield tag="260" ind1=" " ind2=" ">
    <subfield code="a">Alger :</subfield>
    <subfield code="b">J. Carbonel,</subfield>
    <subfield code="c">1923.</subfield>
  </datafield>
  <datafield tag="300" ind1=" " ind2=" ">
    <subfield code="a">196, 86 p.</subfield>
    <subfield code="c">25 cm.</subfield>
  </datafield>
  <datafield tag="490" ind1="1" ind2=" ">
    <subfield code="a">Publications de la Faculté des lettres d'Alger. Bulletin de correspondance africaine ;</subfield>
    <subfield code="v">59</subfield>
  </datafield>
  <datafield tag="651" ind1=" " ind2="0">
    <subfield code="a">Fès (Morocco)</subfield>
    <subfield code="x">History.</subfield>
  </datafield>
  <datafield tag="651" ind1=" " ind2="0">
    <subfield code="a">Morocco</subfield>
    <subfield code="x">History.</subfield>
  </datafield>
  <datafield tag="700" ind1="1" ind2=" ">
    <subfield code="a">Bel, A.</subfield>
    <subfield code="q">(Alfred),</subfield>
    <subfield code="d">1873-1945.</subfield>
  </datafield>
  <datafield tag="830" ind1=" " ind2="0">
    <subfield code="a">Publications de la Faculté des lettres d'Alger. Bulletin de correspondance africaine ;</subfield>
    <subfield code="v">59.</subfield>
  </datafield>
  <datafield tag="955" ind1=" " ind2=" ">
    <subfield code="b">CR61106224</subfield>
    <subfield code="d">off,uts</subfield>
    <subfield code="e">BK67 A169</subfield>
  </datafield>
</record>
</collection>